@article{Elman1981,
    doi = {10.1121/1.386580},
    year = 1981,
    month = {jul},
    publisher = {Acoustical Society of America ({ASA})},
    volume = {70},
    number = {1},
    pages = {45--50},
    author = {Jeffrey L. Elman},
    title = {Effects of frequency-shifted feedback on the pitch of vocal productions},
    journal = {The Journal of the Acoustical Society of America}
}

@article{Chesters2015,
    doi = {10.1121/1.4906266},
    year = 2015,
    month = {feb},
    publisher = {Acoustical Society of America ({ASA})},
    volume = {137},
    number = {2},
    pages = {873--883},
    author = {Jennifer Chesters and Ladan Baghai-Ravary and Riikka Möttönen},
    title = {The effects of delayed auditory and visual feedback on speech           production},
    journal = {The Journal of the Acoustical Society of America}
}

@article{Tourville2008,
  doi = {10.1016/j.neuroimage.2007.09.054},
  year = {2008},
  month = feb,
  publisher = {Elsevier {BV}},
  volume = {39},
  number = {3},
  pages = {1429--1443},
  author = {Jason A. Tourville and Kevin J. Reilly and Frank H. Guenther},
  title = {Neural mechanisms underlying auditory feedback control of speech},
  journal = {{NeuroImage}}
}

@article{Abur2021,
  doi = {10.1038/s41598-021-92250-8},
  year = {2021},
  month = jun,
  publisher = {Springer Science and Business Media {LLC}},
  volume = {11},
  number = {1},
  author = {Defne Abur and Austeja Subaciute and Mara Kapsner-Smith and Roxanne K. Segina and Lauren F. Tracy and J. Pieter Noordzij and Cara E. Stepp},
  title = {Impaired auditory discrimination and auditory-motor integration in hyperfunctional voice disorders},
  journal = {Scientific Reports}
}

@article{Abur2020,
  doi = {10.1044/2020\_jslhr-20-00003},
  year = {2020},
  month = sep,
  publisher = {American Speech Language Hearing Association},
  volume = {63},
  number = {9},
  pages = {3208--3214},
  author = {Defne Abur and Cara E. Stepp},
  title = {Acuity to Changes in Self-Generated Vocal Pitch in Parkinson{\textquotesingle}s Disease},
  journal = {Journal of Speech,  Language,  and Hearing Research}
}

@article{Galindo_2017,
    doi = {10.1044/2017\_jslhr-s-16-0412},
    year = 2017,
    month = {sep},
    publisher = {American Speech Language Hearing Association},
    volume = {60},
    number = {9},
    pages = {2452--2471},
    author = {Gabriel E. Galindo and Sean D. Peterson and Byron D. Erath and Christian Castro and Robert E. Hillman and Mat{\'{\i}}as Za{\~{n}}artu},
    title = {Modeling the Pathophysiology of Phonotraumatic Vocal Hyperfunction With a Triangular Glottal Model of the Vocal Folds},
    journal = {Journal of Speech, Language, and Hearing Research}
}

@article{Morise2016,
    doi = {10.1587/transinf.2015edp7457},
    year = 2016,
    publisher = {Institute of Electronics, Information and Communications Engineers ({IEICE})},
    volume = {E99.D},
    number = {7},
    pages = {1877--1884},
    author = {Masanori MORISE and Fumiya YOKOMORI and Kenji OZAWA},
    title = {{WORLD}: A Vocoder-Based High-Quality Speech Synthesis System for Real-Time Applications},
    journal = {IEICE Trans. Inf. \& Syst. Transactions on Information and Systems}
}


@article{Morise2016-2,
    doi = {10.1016/j.specom.2016.09.001},
    year = 2016,
    month = {nov},
    publisher = {Elsevier {BV}},
    volume = {84},
    pages = {57--65},
    author = {Masanori Morise},
    title = {D4C, a band-aperiodicity estimator for high-quality speech synthesis},
    journal = {Speech Communication}
}

@conference{morise2009dio,
    title = {Fast and Reliable F0 Estimation Method Based on the Period Extraction of Vocal Fold Vibration of Singing Voice and Speech},
    author = {Morise, Masanori and Kawahara, Hideki and Katayose, Haruhiro},
    booktitle = {Audio Engineering Society Conference: 35th International Conference: Audio for Games},
    month = {Feb},
    year = {2009},
    url = {http://www.aes.org/e-lib/browse.cfm?elib=15165}
}


@inproceedings{Morise_2017harvest,
    doi = {10.21437/interspeech.2017-68},
    year = 2017,
    month = {aug},
    publisher = {{ISCA}},
    author = {Masanori Morise},
    title = {Harvest: A High-Performance Fundamental Frequency Estimator from Speech Signals},
    booktitle = {Interspeech 2017}
}

@article{Morise2015cheaptrick,
    doi = {10.1016/j.specom.2014.09.003},
    year = 2015,
    month = {mar},
    publisher = {Elsevier {BV}},
    volume = {67},
    pages = {1--7},
    author = {Masanori Morise},
    title = {{CheapTrick}, a spectral envelope estimator for high-quality speech synthesis},
    journal = {Speech Communication}
}

@article{Veldhuis_1998,
    doi = {10.1121/1.421103},
    year = 1998,
    month = {jan},
    publisher = {Acoustical Society of America ({ASA})},
    volume = {103},
    number = {1},
    pages = {566--571},
    author = {Raymond Veldhuis},
    title = {A computationally efficient alternative for the Liljencrants{\textendash}Fant model and its perceptual evaluation},
    journal = {The Journal of the Acoustical Society of America}
}

@article{doval2006spectrum,
    title={The spectrum of glottal flow models},
    author={Doval, Boris and d'Alessandro, Christophe and Henrich, Nathalie},
    journal={Acta acustica united with acustica},
    volume={92},
    number={6},
    pages={1026--1046},
    year={2006},
    publisher={S. Hirzel Verlag}
}

@article{fant1995lf,
    title={The LF-model revisited. Transformations and frequency domain analysis},
    author={Fant, Gunnar},
    journal={Speech Trans. Lab. Q. Rep., Royal Inst. of Tech. Stockholm},
    volume={2},
    number={3},
    pages={40},
    year={1995}
}

@inproceedings{Degottex_2011,
    doi = {10.1109/icassp.2011.5947511},
    year = 2011,
    month = {may},
    publisher = {{IEEE}},
    author = {Gilles Degottex and Axel Roebel and Xavier Rodet},
    title = {Pitch transposition and breathiness modification using a glottal source model and its adapted vocal-tract filter},
    booktitle = {2011 {IEEE} International Conference on Acoustics, Speech and Signal Processing ({ICASSP})}
}

@article{Degottex_2013,
    doi = {10.1016/j.specom.2012.08.010},
    year = 2013,
    month = {feb},
    publisher = {Elsevier {BV}},
    volume = {55},
    number = {2},
    pages = {278--294},
    author = {Gilles Degottex and Pierre Lanchantin and Axel Roebel and Xavier Rodet},
    title = {Mixed source model and its adapted vocal tract filter estimate for voice transformation and synthesis},
    journal = {Speech Communication}
}

@inproceedings{Murphy_2019,
    doi = {10.21437/interspeech.2019-2761},
    year = 2019,
    month = {sep},
    publisher = {{ISCA}},
    author = {Andy Murphy and Irena Yanushevskaya and Ailbhe N{\'{\i}} Chasaide and Christer Gobl},
    title = {The Role of Voice Quality in the Perception of Prominence in Synthetic Speech},
    booktitle = {Interspeech 2019}
}


@inproceedings{Degottex2014_covarep,
  doi = {10.1109/icassp.2014.6853739},
  year = {2014},
  month = may,
  publisher = {{IEEE}},
  author = {Gilles Degottex and John Kane and Thomas Drugman and Tuomo Raitio and Stefan Scherer},
  title = {{COVAREP:} {A collaborative voice analysis repository for speech technologies}},
  booktitle = {2014 {IEEE} International Conference on Acoustics,  Speech and Signal Processing ({ICASSP})}
}

@article{Kempster2009,
    doi = {10.1044/1058-0360(2008/08-0017)},
    year = {2009},
    month = may,
    publisher = {American Speech Language Hearing Association},
    volume = {18},
    number = {2},
    pages = {124--132},
    author = {Gail B. Kempster and Bruce R. Gerratt and Katherine Verdolini Abbott and Julie Barkmeier-Kraemer and Robert E. Hillman},
    title = {Consensus Auditory-Perceptual Evaluation of Voice: Development of a Standardized Clinical Protocol},
    journal = {American Journal of Speech-Language Pathology}
}


@misc{mozillatts,
  author = {Mozilla},
  title = {TTS: Text-to-Speech for all},
  year = {2021},
  publisher = {GitHub},
  journal = {GitHub repository},
  url = {https://github.com/mozilla/TTS},
  commit = {e9e07844b77a43fb0864354791fb4cf72ffded11}
}

@article{Blaauw2017,
  doi = {10.3390/app7121313},
  year = {2017},
  month = dec,
  publisher = {{MDPI} {AG}},
  volume = {7},
  number = {12},
  pages = {1313},
  author = {Merlijn Blaauw and Jordi Bonada},
  title = {A Neural Parametric Singing Synthesizer Modeling Timbre and Expression from Natural Songs},
  journal = {Applied Sciences}
}

@misc{pvqd,
  doi = {10.17632/9DZ247GNYB.1},
  author = {Walden,  Patrick R},
  keywords = {Acoustics,  Voice Output,  Voice Disorder,  Auditory Perception,  Perceptual Assessment,  Perceptual Learning,  Speech-Language Pathology,  Human Voice},
  title = {Perceptual Voice Qualities Database (PVQD)},
  publisher = {Mendeley},
  year = {2020}
}

@article{Hillenbrand1994,
  doi = {10.1044/jshr.3704.769},
  year = {1994},
  month = aug,
  publisher = {American Speech Language Hearing Association},
  volume = {37},
  number = {4},
  pages = {769--778},
  author = {James Hillenbrand and Ronald A. Cleveland and Robert L. Erickson},
  title = {Acoustic Correlates of Breathy Vocal Quality},
  journal = {Journal of Speech,  Language,  and Hearing Research}
}

@article{Fraile2014,
  doi = {10.1016/j.bspc.2014.07.001},
  year = {2014},
  month = nov,
  publisher = {Elsevier {BV}},
  volume = {14},
  pages = {42--54},
  author = {Rub{\'{e}}n Fraile and Juan Ignacio Godino-Llorente},
  title = {Cepstral peak prominence: A comprehensive analysis},
  journal = {Biomedical Signal Processing and Control}
}

@misc{opensmile,
  author = {Xingyu Na},
  title = {opensmile},
  year = {2019},
  publisher = {GitHub},
  journal = {GitHub repository},
  url = {https://github.com/naxingyu/opensmile},
  commit = {3a0968e7b36c1b730a4ffd2977031091ee9abf7f}
}

@inproceedings{Kane_identifyingregions,
author = {Kane, John and Gobl, Christer},
year = {2011},
month = {01},
pages = {177-180},
title = {Identifying Regions of Non-Modal Phonation Using Features of the Wavelet Transform.},
journal = {Proceedings of the Annual Conference of the International Speech Communication Association, INTERSPEECH}
}

@article{HemanAckah2002,
  doi = {10.1016/s0892-1997(02)00067-x},
  year = {2002},
  month = mar,
  publisher = {Elsevier {BV}},
  volume = {16},
  number = {1},
  pages = {20--27},
  author = {Yolanda D Heman-Ackah and Deirdre D Michael and George S Goding},
  title = {The Relationship Between Cepstral Peak Prominence and Selected Parameters of Dysphonia},
  journal = {Journal of Voice}
}

@article{Kreiman2014,
  doi = {10.3989/loquens.2014.009},
  year = {2014},
  month = jun,
  publisher = {Editorial {CSIC}},
  volume = {1},
  number = {1},
  pages = {e009},
  author = {Jody Kreiman and Bruce R. Gerratt and Marc Garellek and Robin Samlan and Zhaoyan Zhang},
  title = {Toward a unified theory of voice production and perception},
  journal = {Loquens}
}

@article{Kawahara1999,
    doi = {10.1016/s0167-6393(98)00085-5},
    year = 1999,
    month = {apr},
    publisher = {Elsevier {BV}},
    volume = {27},
    number = {3-4},
    pages = {187--207},
    author = {Hideki Kawahara and Ikuyo Masuda-Katsuse and Alain de Cheveign{\'{e}}},
    title = {Restructuring speech representations using a pitch-adaptive time{\textendash}frequency smoothing and an instantaneous-frequency-based F0 extraction: Possible role of a repetitive structure in sounds},
    journal = {Speech Communication}
}

@inproceedings{tandem2008,
  doi = {10.1109/icassp.2008.4518514},
  year = {2008},
  month = mar,
  publisher = {{IEEE}},
  author = {H. Kawahara and M. Morise and T. Takahashi and R. Nisimura and T. Irino and H. Banno},
  title = {Tandem-{STRAIGHT}: A temporally stable power spectral representation for periodic signals and applications to interference-free spectrum,  F0,  and aperiodicity estimation}
}

@article{tandem2011,
  doi = {10.1007/s12046-011-0043-3},
  year = {2011},
  month = oct,
  publisher = {Springer Science and Business Media {LLC}},
  volume = {36},
  number = {5},
  pages = {713--727},
  author = {HIDEKI KAWAHARA and MASANORI MORISE},
  title = {Technical foundations of {TANDEM}-{STRAIGHT},  a speech analysis,  modification and synthesis framework}
}

@inproceedings{vocaine,
title	= {Vocaine the Vocoder and Applications in Speech Synthesis},
author	= {Yannis Agiomyrgiannakis},
year	= {2015},
booktitle	= {ICASSP}
}

